<?xml version="1.0" encoding="UTF-8"?><collection><record><leader>06803ntm a2200577 a 4500</leader><controlfield tag="001">006775962</controlfield><controlfield tag="003">MiAaHDL</controlfield><controlfield tag="005">20190719000000.0</controlfield><controlfield tag="006">m        d        </controlfield><controlfield tag="007">cr bn ---auaua</controlfield><controlfield tag="008">090507q15701571xx            00| ||ara d</controlfield><datafield tag="035" ind1=" " ind2=" "><subfield code="a">(MiU)006775962</subfield></datafield><datafield tag="035" ind1=" " ind2=" "><subfield code="a">sdr-miu006775962</subfield></datafield><datafield tag="040" ind1=" " ind2=" "><subfield code="a">MiU</subfield><subfield code="c">MiU</subfield><subfield code="e">amremm</subfield></datafield><datafield tag="043" ind1=" " ind2=" "><subfield code="a">n-us-mi</subfield></datafield><datafield tag="100" ind1="1" ind2=" "><subfield code="6">880-01</subfield><subfield code="a">Jurjānī, ʻAlī ibn Muḥammad,</subfield><subfield code="c">al-Sayyid al-Sharīf,</subfield><subfield code="d">1340-1413.</subfield></datafield><datafield tag="245" ind1="1" ind2="0"><subfield code="6">880-02</subfield><subfield code="a">Ḥawāshin ʻalá al-Sharḥ al-mashhūr li-Talkhīṣ al-Miftāḥ,</subfield><subfield code="f">[978, i.e. 1570 or 1571].</subfield></datafield><datafield tag="246" ind1="3" ind2=" "><subfield code="6">880-04</subfield><subfield code="i">From label on fore-edge flap and edgetitle:</subfield><subfield code="a">Sayyid-i Sharīf ʻalá al-Muṭawwal</subfield></datafield><datafield tag="246" ind1="3" ind2=" "><subfield code="6">880-03</subfield><subfield code="i">From inscription on fol.1a (p.1):</subfield><subfield code="a">Ḥāshiyat Sayyid al-Sharīf ʻalá al-Muṭawwal</subfield></datafield><datafield tag="260" ind1=" " ind2=" "><subfield code="c">[1570 or 1571].</subfield></datafield><datafield tag="300" ind1=" " ind2=" "><subfield code="a">181 leaves :</subfield><subfield code="b">paper ;</subfield><subfield code="c">160 x 90 (110 x 55) mm. bound to 162 x 110 mm.</subfield></datafield><datafield tag="500" ind1=" " ind2=" "><subfield code="a">Shelfmark: Ann Arbor, University of Michigan, Special Collections Library, Isl. Ms. 151</subfield></datafield><datafield tag="500" ind1=" " ind2=" "><subfield code="a">Origin: As appears in colophon on fol.181b (p.362), completed in 978 [1570 or 1571]. Name of copyist is not supplied.</subfield></datafield><datafield tag="500" ind1=" " ind2=" "><subfield code="a">Former shelfmark: British Museum, London "No.37. Glosses on Talkhis al-Miftah."</subfield></datafield><datafield tag="500" ind1=" " ind2=" "><subfield code="a">Binding: Pasteboards coverd in brown leather (pebble grained appearance of shagreen) over marbled paper ; Type II binding (with flap) ; doublures and interior of foreedge and envelope flaps in red leather ; upper and lower cover bear a simple rule-border consisting of a series of gold-painted fillets, better preserved on the flap ; in fair condition with abrasion, some tears, repairs to spine, and loose sewing.</subfield></datafield><datafield tag="500" ind1=" " ind2=" "><subfield code="a">Support: non-European (?) laid paper with laid lines barely visible, running horizontally and spaced roughly 9 laid lines per cm., chain lines barely visible, running vertically and irregularly spaced though occasionally 25 mm. apart, many inclusions and undissolved fibers, rather thin, and burnished ; flyleaves are in a different European laid paper with partial watermarks "Tosco..." [?] and six pointed star.</subfield></datafield><datafield tag="500" ind1=" " ind2=" "><subfield code="a">Decoration: Simple frame consisting of a gold band framed by black fillets ; text rubricated with keywords such as "قوله", chapter headings and overlinings in red.</subfield></datafield><datafield tag="500" ind1=" " ind2=" "><subfield code="a">Script: Naskh / Nastaʻlīq ; entire ms. in same Persian (?) hand ; sans serif and characteristic sloping of words to baseline ; fully pointed to convention.</subfield></datafield><datafield tag="500" ind1=" " ind2=" "><subfield code="a">Layout: Written in 17 lines per page.</subfield></datafield><datafield tag="500" ind1=" " ind2=" "><subfield code="a">Collation: i, IV (8), II (12), 5 IV (52), II+1 (57), III (63), V (73), IV (81), III+1 (88), 10 IV (168), IV+1 (177), II (181), i ; mainly quaternians ; middle of the quire marks resembling circles and occasionally the letter "ه" ; catchwords present ; pagination in pencil, Western numerals (supplied during cataloguing).</subfield></datafield><datafield tag="500" ind1=" " ind2=" "><subfield code="a">Colophon: "Scribal," triangular, reads: "وتمت بعون الله وحسن توفيقه شهور سنة ثماني سبعين وتسعماية ... صلى الله عليه وآله وعترته الطاهرين م م م"</subfield></datafield><datafield tag="500" ind1=" " ind2=" "><subfield code="a">Explicit: "قوله ومثل الخيفاء ويقال فرس أخيف اذا كان احدى عينيه زرقاء والاخرى سوداء ومثل الرقطا[ء] قوله الرقط سواد شوبه نقط بياض يقال دجاجة رقطاء"</subfield></datafield><datafield tag="500" ind1=" " ind2=" "><subfield code="a">Incipit: "وبعد فهذه حواش على الشرح المشهور لتلخيص المفتاح كنت قد قيدتها عليه مجملة حال ما قراه عليه بعض احبتي فسألوني بعد امد ان افصلها لهم وأنقدها ففعلت ذلك مستعينا بالله..."</subfield></datafield><datafield tag="500" ind1=" " ind2=" "><subfield code="a">Title from opening on fol.1b (p.2).</subfield></datafield><datafield tag="500" ind1=" " ind2=" "><subfield code="a">Ms. codex.</subfield></datafield><datafield tag="510" ind1="4" ind2=" "><subfield code="a">Brockelmann, C. GAL,</subfield><subfield code="c">II, 216 ; S II, 305</subfield></datafield><datafield tag="520" ind1="8" ind2=" "><subfield code="a">al-Jurjānī's glosses on the longer commentary of al-Taftāzānī (d.1389?) upon Talkhīṣ al-Miftāḥ by Jalāl al-Dīn Muḥammad ibn ʻAbd al-Raḥmān al-Qazwīnī (d. 739/1338), an abridgment of the third part of Miftāḥ al-ʻulūm by al-Sakkākī (d. 626/1229), on ʻIlm al-maʻānī wa-al-bayān. Description provided by Maxim Romanov.</subfield></datafield><datafield tag="538" ind1=" " ind2=" "><subfield code="a">Mode of access: Internet.</subfield></datafield><datafield tag="541" ind1=" " ind2=" "><subfield code="c">Purchase ;</subfield><subfield code="a">Acquired by purchase along with Abdul Hamid Collection (funds donated by Horace Rackham).</subfield><subfield code="d">1924.</subfield></datafield><datafield tag="546" ind1=" " ind2=" "><subfield code="a">Arabic.</subfield></datafield><datafield tag="561" ind1=" " ind2=" "><subfield code="a">Bookplate of British Museum, London on inner front cover, "No.37. Glosses on Talkhis al-Miftah." ; circular seal impression with figure of goat/gazelle in purple ink as well as inscription "451" in Western numerals on recto of front flyleaf ; on a light green paper pasted to fol.1a (p.1) a detailed waqf statement in the name of al-Sayyid ʻAbd Allāh Adīb (Abdullah Edip), known as Jannatʹzādah (Cennet-zade), qāḍī of Erzurum, accompanied by his seal, reads: "وقفت وقفا صحيحا شرعيا بشرط أن لا يخرج من بيت الكتب الملتصق بداري الا لعلماء سكنوا بأرضروم بكفيل مرعى أورهن قوى و أنا الفقير اليه عز شانه السيد عبدالله أديب الشهير بجنتزاده القاضي بمدينة أرضروم في سنة اثنى وستين ومأتين وألف"; statement of sale on fol.1b (p.2) is dated ١٢٣٥ and situated in Erzurum, accompanied by circular seal impression in black ink with inscription reading "حسبي الله ونعم الوكيل السيد يحيى اسمعيل [؟] ..."; several other statements of sale and ownership marks on fol.1a-1b (p.1-2), including several seal impressions : illegible almond-shaped seal impression in black ink, scalloped almond-shaped seal impression in brownish ink, oval seal impression in black ink with inscription in nastaʻlīq, oval seal impression in black ink with inscription in thuluth ; occasional glosses, many marked with numeral ١٢ and name of sūrah ; many marginal corrections, some with accompanying signes-de-renvoi in a v-shape resembling a bird.</subfield></datafield><datafield tag="600" ind1="1" ind2="0"><subfield code="a">Taftāzānī, Masʻūd ibn ʻUmar,</subfield><subfield code="d">1322-1389?</subfield><subfield code="t">Muṭawwal.</subfield></datafield><datafield tag="650" ind1=" " ind2="0"><subfield code="a">Manuscripts, Arabic</subfield><subfield code="z">Michigan</subfield><subfield code="z">Ann Arbor.</subfield></datafield><datafield tag="650" ind1=" " ind2="0"><subfield code="a">Arabic language</subfield><subfield code="x">Rhetoric</subfield><subfield code="v">Early works to 1800.</subfield></datafield><datafield tag="700" ind1="1" ind2="2"><subfield code="6">880-06</subfield><subfield code="a">Taftāzānī, Masʻūd ibn ʻUmar,</subfield><subfield code="d">1322-1389?</subfield><subfield code="t">Muṭawwal.</subfield></datafield><datafield tag="773" ind1="0" ind2=" "><subfield code="a">Tiflis Collection.</subfield></datafield><datafield tag="880" ind1="1" ind2="2"><subfield code="6">700-06/</subfield><subfield code="a">تفتازاني، مسعود بن عمر،</subfield><subfield code="t">مطول.</subfield></datafield><datafield tag="880" ind1="3" ind2=" "><subfield code="6">246-04/</subfield><subfield code="a">سيد شريف على المطول</subfield></datafield><datafield tag="880" ind1="3" ind2=" "><subfield code="6">246-03/</subfield><subfield code="a">حاشية سيد الشريف على المطول</subfield></datafield><datafield tag="880" ind1="1" ind2="0"><subfield code="6">245-02/</subfield><subfield code="a">حواش علي الشرح المشهور لتلخيص المفتاح,</subfield><subfield code="f">[978ه, 1570 أو 1571م].</subfield></datafield><datafield tag="880" ind1="1" ind2=" "><subfield code="6">100-01/</subfield><subfield code="a">جرجاني, علي بن محمد,</subfield><subfield code="c">السيد الشريف.</subfield></datafield><datafield tag="CID" ind1=" " ind2=" "><subfield code="a">006775962</subfield></datafield><datafield tag="DAT" ind1="0" ind2=" "><subfield code="a">20190719102635.0</subfield><subfield code="b">20190719000000.0</subfield></datafield><datafield tag="DAT" ind1="1" ind2=" "><subfield code="a">20190719090653.0</subfield><subfield code="b">2019-07-19T16:11:21Z</subfield></datafield><datafield tag="DAT" ind1="2" ind2=" "><subfield code="a">2015-10-10T18:00:06Z</subfield></datafield><datafield tag="CAT" ind1=" " ind2=" "><subfield code="a">SDR-MIU</subfield><subfield code="d">EX LIBRIS - ALEPH</subfield><subfield code="l">prepare.pl-004-008</subfield></datafield><datafield tag="FMT" ind1=" " ind2=" "><subfield code="a">BK</subfield></datafield><datafield tag="HOL" ind1=" " ind2=" "><subfield code="0">sdr-miu006775962</subfield><subfield code="a">MiU</subfield><subfield code="b">SDR</subfield><subfield code="c">MIU</subfield><subfield code="p">mdp.39015079125905</subfield><subfield code="s">MIU</subfield><subfield code="1">006775962</subfield></datafield><datafield tag="974" ind1=" " ind2=" "><subfield code="b">MIU</subfield><subfield code="c">MIU</subfield><subfield code="d">20190719</subfield><subfield code="s">lit-dlps-dc</subfield><subfield code="u">mdp.39015079125905</subfield><subfield code="y">1571</subfield><subfield code="r">pd</subfield><subfield code="q">bib</subfield><subfield code="t">non-US bib date2 &lt; 1896</subfield></datafield></record></collection>